@online{man_namespaces,
       title = "namespaces(7)",
       year = "2013",
       author = {{M. Kerrisk}},
       url = {https://git.kernel.org/pub/scm/docs/man-pages/man-pages.git/tree/man7/namespaces.7},
       urldate= "2021-01-20",
       note = "commit 020357e8e4"

}

@online{man_lsns,
       title = "lsns(8)",
       year = "2015",
       author = "K. Zak",
       url = "https://github.com/karelzak/util-linux/blob/master/sys-utils/lsns.8.adoc",
       urldate = "2021-01-20",
       note = "commit 6d5b69483a"
}

@online{man_ip_netns,
       title = "ip-netns(8)",
       year = "2011",
       author = {{S. Hemminger}},
       url = {https://git.kernel.org/pub/scm/network/iproute2/iproute2.git/tree/man/man8/ip-netns.8.in},
       urldate= "2021-01-20",
       note = "commit 2a9721f1c"
}

@online{man_ipcs,
       title = "ipcs(1)",
       year = "2014",
       author = {{K. Balasubramanian}},
       url = {https://github.com/karelzak/util-linux/blob/master/sys-utils/ipcs.1.adoc},
       urldate= "2021-05-21",
       note = "commit 6d5b69483a"

}

@online{man_unshare_1,
       title = "unshare(1)",
       year = "2016",
       author = {{M. Gusarov and K. Zak}},
       url = {https://github.com/karelzak/util-linux/blob/master/sys-utils/unshare.1.adoc},
       urldate= "2021-05-09",
       note = "commit b9d2ddfbb1"
}

@online{man_pid_namespaces,
       title = "pid\_namespaces(7)",
       year = "2020",
       author = {{M. Kerrisk}},
       url = "https://git.kernel.org/pub/scm/docs/man-pages/man-pages.git/tree/man7/pid_namespaces.7",
       urldate = "2020-12-31",
       note = "commit a79bacf5f1"
}

@online{man_ipc_namespace,
       title = "ipc\_namespaces(7)",
       year = "2019",
       author = {{M. Kerrisk}},
       url = "https://git.kernel.org/pub/scm/docs/man-pages/man-pages.git/tree/man7/ipc_namespaces.7",
       urldate  = "2021-02-21",
       note = "commit 1d36b4e17b"
}

@online{man_user_namespaces,
       title = "user\_namespaces(7)",
       year = "2020",
       author = {{M. Kerrisk}},
       url = "https://git.kernel.org/pub/scm/docs/man-pages/man-pages.git/tree/man7/user_namespaces.7",
       urldate = "2020-12-31",
       note = "commit 99f04bb1e9"
}

@online{man_time_namespaces,
       title = "time\_namespaces(7)",
       year = "2020",
       author = {{M. Kerrisk}},
       url = {https://git.kernel.org/pub/scm/docs/man-pages/man-pages.git/tree/man7/time_namespaces.7},
       urldate = "2020-12-31",
       note = "commit 5bed06a99a"
       
}

@online{man_mount_namespaces,
       title = "mount\_namespaces(7)",
       year = "2020",
       author = {{M. Kerrisk}},
       url = {https://git.kernel.org/pub/scm/docs/man-pages/man-pages.git/tree/man7/mount_namespaces.7},
       urldate = "2020-12-31",
       note = "commit 98c28960c3"
}

@online{man_network_namespaces,
       title = "netwok\_namespaces(7)",
       year = "2020",
       author = {{M. Kerrisk}},
       url = {https://git.kernel.org/pub/scm/docs/man-pages/man-pages.git/tree/man7/network_namespaces.7},
       urldate = "2020-12-31",
       note = "commit 2685b303e3"
}

@online{man_credentials,
       title = "credentials(7)",
       year = "2020",
       author = {{Linux man-pages project}},
       url = {https://git.kernel.org/pub/scm/docs/man-pages/man-pages.git/tree/man7/credentials.7},
       urldate = "2020-12-31",
       note = "commit c9b9a599f"
}

@online{man_capabilities,
       title = "capabilities(7)",
       year = "2020",
       author = {M. Kerrisk},
       url = {https://git.kernel.org/pub/scm/docs/man-pages/man-pages.git/tree/man7/capabilities.7},
       urldate = "2021-12-31",
       note = "commit 3dfe7e0ddd"
}

@online{man_cgroups,
       title = "cgroups(7)",
       year = "2016",
       author = {{M. Kerrisk}},
       url = {https://git.kernel.org/pub/scm/docs/man-pages/man-pages.git/tree/man7/cgroups.7},
       urldate = "2021-02-21",
       note = "commit 176a42118f"
}

@online{man_aaeasyprof,
       title = "aa-easyprof(8)",
       year = "2012",
       author = {{J. Strandboge}},
       url = {https://gitlab.com/apparmor/apparmor/-/blob/master/utils/aa-easyprof.pod},
       urldate = "2021-02-27",
       note = "commit 1db463f4d"
}

@online{man_apparmor_parser,
       title = "apparmor\_parser(8)",
       year = "2014",
       author = {{J. Johansen}},
       url = {https://gitlab.com/apparmor/apparmor/-/blob/master/parser/apparmor_parser.pod},
       urldate = "2021-02-27",
       note = "commit 71e54288b"
}

@online{man_aa_notify,
       title = "aa-notify(8)",
       year = "2014",
       author = {{K. Cook}},
       url = {https://gitlab.com/apparmor/apparmor/-/blob/master/utils/aa-notify.pod},
       urldate= "2021-02-27",
       note = "commit 6717e2990"
}

@online{man_seccomp,
       title = "seccomp(2)",
       year = "2020",
       author = {{K. Cook}},
       url = {https://git.kernel.org/pub/scm/docs/man-pages/man-pages.git/tree/man2/seccomp.2},
       urldate = "2021-01-20",
       note = "commit e9519f4f2"
}

@online{kernel_lsm_linus_lsm_idee,
       title = "Linux Security Modules: General Security Hooks for Linux",
       year = "2017",
       author = {{M. C. Chehab}},
       url =
       {https://git.kernel.org/pub/scm/linux/kernel/git/torvalds/linux.git/tree/Documentation/security/lsm.rst},
       urldate = "2021-02-28",
       note = "commit 415008af32199"
}

@online{kernel_lsm2,
       title = "Linux Security Module Usage",
       year = "2011",
       author = {{K. Cook}},
       url =
       {https://git.kernel.org/pub/scm/linux/kernel/git/torvalds/linux.git/tree/Documentation/admin-guide/LSM/index.rst},
       urldate = "2021-02-28",
       note = "commit e163bc8e4a0cd"
}

@online{lwn_cpushare,
       title = "Securely renting out your CPU with Linux",
       year = "2005",
       author = "J. Corbet",
       publisher = "lwn.net",
       url = {https://lwn.net/Articles/120647/},
       urldate = "2021-01-08",
       custom_note = ""
}

@online{lwn_cgroups,
       title = "Control group namespace",
       year = "2014",
       author = "J. Edge",
       publisher = "lwn.net",
       url = "https://lwn.net/Articles/621006/",
       urldate = "2021-02-21",
       custom_note = ""
}

@online{dockerutsnamespaces,
       title = "Docker run reference: UTS settings",
       year = "2015",
       author = "D. Shepherd",
       url = "https://github.com/docker/cli/blob/master/docs/reference/run.md",
       urldate = "2021-01-08",
       note = "commit 02c900f4c56",
       custom_note = ""
}

@online{dockercgroups,
       title = "Control groups",
       year = "2014",
       author = "S. Dowideit",
       url = "https://github.com/docker/docker.github.io/blob/master/config/containers/runmetrics.md",
       urldate = "2021-02-21",
       note = "commit ac999a9cb2b",
       custom_note = ""
}

@online{docker_resource_contraints,
       title = "Runtime options with Memory, CPUs, and GPUs",
       year = "2021",
       author = "M. Stanley-Jones",
       url =
       "https://github.com/docker/docker.github.io/blob/master/config/containers/resource_constraints.md",
       urldate = "2021-02-21",
       note = "commit 97d8ab167de",
       custom_note = ""
}

@online{docker_seccomp,
       title = "Seccomp security profiles for Docker",
       year = "2016",
       author = "M. Stanley-Jones",
       url = {https://github.com/docker/docker.github.io/blob/master/engine/security/seccomp.md},
       urldate = "2021-02-21",
       note = "commit 730ec4717d0)",
       custom_note = ""
}

@online{dockerusernamespaces,
       title = "Isolate containers with a user namespace",
       year = "2021",
       author = "M. Stanley-Jones",
       url = {https://github.com/docker/docker.github.io/blob/master/engine/security/userns-remap.md},
       urldate = "2021-01-08",
       note = "commit c1dbb5b012e",
}

@online{docker_engine_security_ausgereift,
       title = "Docker Security: Kernel namespaces",
       year = "2014",
       author = "S. Dowideit",
       url = {https://github.com/docker/docker.github.io/blob/master/engine/security/index.md},
       urldate = "2021-01-08",
       note = "commit ac999a9cb2b",
       custom_note = ""
}

@online{docker_engine_security_capabilities,
       title = "Docker Security: Linux kernel capabilities",
       year = "2014",
       author = "J. Turnbull",
       url = {https://github.com/docker/docker.github.io/blob/master/engine/security/index.md},
       urldate = "2021-01-08",
       note = "commit bf69b773ec4",
       custom_note = ""
}

@online{docker_rootless,
       title = "Experimenting with Rootless Docker",
       year = "2019",
       author = "T. Tiigi",
       institution = "Docker Inc.",
       url = {https://www.docker.com/blog/experimenting-with-rootless-docker},
       urldate = "2021-01-08",
       custom_note = ""
}

@online{kernel_seccomp,
       title = "Seccomp BPF (SECure COMPuting with filters)",
       year = "2012",
       url = {https://git.kernel.org/pub/scm/linux/kernel/git/torvalds/linux.git/tree/Documentation/userspace-api/seccomp_filter.rst},
       urldate = "2021-02-22",
       note = "commit 8ac270d1e29f0",
       custom_note = ""
}

@online{patch_disable_user_namespaces,
       title = "sysctl: allow CLONE\_NEWUSER to be disabled",
       year = "2016",
       author = "K. Cook",
       url = {https://www.openwall.com/lists/kernel-hardening/2016/01/24/10},
       urldate = "2021-01-08",
       custom_note = ""
}

@online{chrome_linux_sandboxing,
       title = "Linux Sandboxing",
       year = "2021",
       author = "A. Bonventre",
       url = {https://chromium.googlesource.com/chromium/src/+/refs/heads/main/docs/linux/sandboxing.md},
       urldate = "2021-05-08",
       note = "commit 3322f76",
       custom_note = ""
}

@online{ubuntu_apparmor,
       title = "Ubuntu ApparmorProfiles",
       year = "2020",
       author = "Contributors to the Ubuntu documentation wiki",
       url = {https://wiki.ubuntu.com/SecurityTeam/KnowledgeBase/AppArmorProfiles},
       urldate = "2021-02-08",
       custom_note = ""
}

@online{docker_apparmor,
       title = "AppArmor security profiles for Docker",
       year = "2015",
       author = "J. Frazelle",
       url = {https://github.com/docker/docker.github.io/blob/master/engine/security/apparmor.md},
       urldate = "2021-02-08",
       note = "commit 61553fc2f53",
       custom_note = ""
}

@manual{GlobalLinuxNamespaces,
       author = "E. Biederman",
       title = "Multiple Instances of the Global Linux Namespaces",
       year = "2006",
       publisher = "Linux Networx",
       note = "\url{https://www.kernel.org/doc/ols/2006/ols2006v1-pages-101-112.pdf} (besucht am 01.10.2020)",
       custom_note = "Überblick Bedrohungen Sicherheitsm aber kein landlock"
       } 

@manual{HardeningContainers,
       author = "A. Grattafiori",
       title = "Understanding and Hardening Linux Containers",
       publisher = "NCC Group Whitepaper",
       year = "2016",
       institution = "NCC Group",
       note =
       "\url{https://research.nccgroup.com/wp-content/uploads/2020/07/ncc_group_understanding_hardening_linux_containers-1-1.pdf}
       (besucht am 01.10.2020)"
       } 

@inproceedings{ContainerPerformance,
       booktitle={2015 IEEE International Symposium on Performance Analysis of Systems and Software (ISPASS)}, 
       title={An updated performance comparison of virtual machines and Linux containers}, 
       pages={171-172},
       doi={10.1109/ISPASS.2015.7095802},
       author = "W. Felter and A. Ferreira and R. Rajamony and J. Rubio",
       title = "{An Updated Performance Comparison of Virtual Machines and Linux Containers}",
       year = "2015",
       note = "\url{https://ieeexplore.ieee.org/document/7095802} (besucht am 01.10.2020)"
       }

@ARTICLE{Sultan,
       author = "S. Sultan and I. Ahmad and T. Dimitriou",
       journal={IEEE Access}, 
       title={Container Security: Issues, Challenges, and the Road Ahead}, 
       year={2019},
       volume={7},
       number={},
       pages={52976-52996},
       note = "\url{https://ieeexplore.ieee.org/document/8693491} (besucht am 01.10.2020)",
       doi={10.1109/ACCESS.2019.2911732}}

@inproceedings{Belair,
       author = "M. Bélair and S. Laniepce and J. Menaud",
       title = {Leveraging Kernel Security Mechanisms to Improve Container Security: A Survey},
       year = {2019},
       isbn = {9781450371643},
       publisher = {Association for Computing Machinery},
       address = {New York, NY, USA},
       url = {https://doi.org/10.1145/3339252.3340502},
       doi = {10.1145/3339252.3340502},
       booktitle = {Proceedings of the 14th International Conference on Availability, Reliability and Security},
       articleno = {76},
       numpages = {6},
       keywords = {NFV, Container, Security, Virtualization, Virtualization Boundary, LSM},
       location = {Canterbury, CA, United Kingdom},
       series = {ARES '19}
}

@manual{Landlock,
       author = "M. Salaün",
       title = "File access-control per container with Landlock",
       year = "2018",
       note = "\url{https://landlock.io/talks/2018-02-04_landlock-fosdem.pdf} (besucht am 05.06.2020)",
       custom_note = ""
}

@online{Landlock_commit_kernel,
       title = "Landlock LSM: kernel documentation",
       year = "2021",
       author = {{M. Salaün}},
       url = {https://git.kernel.org/pub/scm/linux/kernel/git/torvalds/linux.git/tree/Documentation/userspace-api/landlock.rst},
       urldate = "2021-01-20",
       note = "commit 5526b45083433"
}

@online{Landlock_merge_mainline,
       title = "Merge tag 'landlock\_v34'",
       year = "2021",
       author = {{L. Torvalds}},
       url = {https://git.kernel.org/pub/scm/linux/kernel/git/torvalds/linux.git/commit/?id=17ae69aba89dbfa2139b7f8024b757ab3cc42f59},
       urldate = "2021-05-11"
}

@Misc{LinuxSecurityModuleFramework,
       author = "C. Wright and J. Morris and S. Smalley and G. Kroah-Hartman",
       title = "Linux Security Module Framework",
       year = "2002",
       note = "\url{https://www.kernel.org/doc/ols/2002/ols2002-pages-604-617.pdf} (besucht am 31.03.2021)",
       custom_note = ""
}

@manual{SELinux,
       title = "SELinux Project",
       author = "J. Morris",
       year = "2017",
       institution = "James Morris",
       note = "\url{https://selinuxproject.org/page/Main_Page} (besucht am 05.06.2020)",
       custom_note = ""
}

@online{apparmor_website,
       title = "AppArmor Home",
       author = "S. Beattie",
       year = "2017",
       url = {https://gitlab.com/apparmor/apparmor/-/wikis/home},
       urldate = "2021-02-27",
       note = "commit 4d9844c3",
       custom_note = ""
}

@online{apparmor_namespace,
       title = "AppArmorNamespaces",
       author = "S. Beattie",
       year = "2017",
       url = {https://gitlab.com/apparmor/apparmor/-/wikis/AppArmorNamespaces},
       urldate = "2021-02-27",
       note = "commit 2b4ae5a9",
       custom_note = ""
}

@online{apparmor_userdefined,
       title = "AppArmorUserDefinedPolicy",
       author = "J. Johansen",
       year = "2020",
       url = "https://gitlab.com/apparmor/apparmor/-/wikis/AppArmorUserDefinedPolicy",
       urldate = "2021-05-13",
       note = "commit a07c3003",
       custom_note = ""
}

@manual{apparmor_slides,
       title = "Overview and Recent Developments AppArmor",
       author = "J. Johansen",
       year = "2018",
       institution = "Canonical",
       note = "\url{https://events19.linuxfoundation.org/wp-content/uploads/2017/12/lss-eu-apparmor-overview-2018.pdf} (besucht am 27.02.2021)",
       custom_note = ""
}

@manual{ContainerAdoption,
       author = "Diamanti",
       title = "Container Adoption Benchmark Survey",
       year = "2019",
       institution = "Diamanti",
       note = "\url{https://diamanti.com/wp-content/uploads/2019/06/Diamanti_2019_Container_Survey.pdf} (besucht am 05.06.2020)",
       custom_note = ""
}

@book{TheLinuxProgrammingInterface,
       author = {M. Kerrisk},
       title = {The Linux Programming Interface: A Linux and UNIX System Programming Handbook},
       year = {2010},
       isbn = {1593272200},
       publisher = {No Starch Press},
       address = {USA},
       edition = {1st}
}

@book{10.5555/2566728,
       author = {Vacca, John R.},
       title = {Cyber Security and IT Infrastructure Protection},
       year = {2013},
       isbn = {0124166814},
       publisher = {Syngress Publishing},
       edition = {1st}
}

@inproceedings{LinuxCapabilitesmakingthemwork,
       author = "S. Hallyn and A. Morgan",
       title = "Linux Capabilities: making them work",
       year = "2008",
       booktitle = "Proceedings of the Linux Symposium",
       note = "\url{https://storage.googleapis.com/pub-tools-public-publication-data/pdf/33528.pdf} (besucht am 01.04.2021)",
       custom_note = ""
} 

@book{10.5555/2566830,
      author = {S. Vermeulen},
      title = {SELinux System Administration},
      year = {2013},
      isbn = {1783283173},
      publisher = {Packt Publishing}
}

@manual{selinuxmodule,
      author = "S. Smalley and C. Vance and W. Salamon",
      title = {Implementing SElinux as a Linux Security Module},
      year = {2002},
      note = "\url{http://www.cs.unibo.it/~sacerdot/doc/so/slm/selinux-module.pdf} (besucht am 02.04.2021)"
}

@manual{selinuxredhat,
      author = "M. Jahoda and B. Ančincová and I. Gkioka and T. Čapek",
      title = {Red Hat Enterprise Linux 7: SELinux Users's and Administrator's Guide},
      institution = "Red Hat",
      year = {2021},
      note = "\url{https://access.redhat.com/documentation/en-us/red_hat_enterprise_linux/7/pdf/selinux_users_and_administrators_guide/Red_Hat_Enterprise_Linux-7-SELinux_Users_and_Administrators_Guide-en-US.pdf} (besucht am 02.04.2021)"
}

@inproceedings{10.1145/3274694.3274720,
      author = {X. Lin and L. Lei and Y. Wang and J. Jing and K. Sun and Q. Zhou},
      title = {A Measurement Study on Linux Container Security: Attacks and Countermeasures},
      year = {2018},
      isbn = {9781450365697},
      publisher = {Association for Computing Machinery},
      address = {New York, NY, USA},
      url = {https://doi.org/10.1145/3274694.3274720},
      doi = {10.1145/3274694.3274720},
      booktitle = {Proceedings of the 34th Annual Computer Security Applications Conference},
      pages = {418–429},
      numpages = {12},
      keywords = {Privilege Escalation, Kernel Security Mechanisms, Container},
      location = {San Juan, PR, USA},
      series = {ACSAC '18}
}

@manual{SecurityNamespace,
      title={Security Namespace: Making Linux Security Frameworks Available to Containers},
      author={Y. Sun and D. Safford and M. Zohar and D. Pendarakis and Z. Gu and T. Jaeger},
      publisher={USENIX Security Symposium},
      year={2018},
      note= "\url{https://www.usenix.org/system/files/conference/usenixsecurity18/sec18-sun.pdf} (besucht am 11.05.2021)"
}

@online{openshiftcontainerexploit,
       title = "OpenShift Protects against Nasty Container Exploit",
       author = "M. Barrett",
       year = "2019",
       institution = "Red Hat",
       publisher = {Association for Computing Machinery},
       url = {https://www.openshift.com/blog/openshift-protects-against-nasty-container-exploit},
       urldate = "2021-04-11",
       custom_note = ""
}

@online{kernelsystemcalls,
       title = "\_\_NR\_syscalls",
       author = "M. Salaün",
       year = "2021",
       url = {https://git.kernel.org/pub/scm/linux/kernel/git/torvalds/linux.git/tree/include/uapi/asm-generic/unistd.h?h=v5.11},
       urldate = "2021-05-14",
       note = {commit a49f4f81cb489},
       custom_note = ""
}

@online{lwn_landlock,
       title = "Landlock LSM: Unprivileged sandboxing",
       year = "2016",
       author = "M. Salaün",
       url = {https://lwn.net/Articles/700607/},
       urldate = "2021-04-14",
       custom_note = ""
}

@inproceedings{10.1145/3319535.3354227,
       author = {X. Gao and Z. Gu and Z. Li and H. Jamjoom and C. Wang},
       title = {Houdini's Escape: Breaking the Resource Rein of Linux Control Groups},
       year = {2019},
       isbn = {9781450367479},
       publisher = {Association for Computing Machinery},
       address = {New York, NY, USA},
       url = {https://doi.org/10.1145/3319535.3354227},
       doi = {10.1145/3319535.3354227},
       booktitle = {Proceedings of the 2019 ACM SIGSAC Conference on Computer and Communications Security},
       pages = {1073–1086},
       numpages = {14},
       keywords = {control groups, docker, container},
       location = {London, United Kingdom},
       series = {CCS '19}
}
